@inproceedings{Wojke2017simple,
  title={Simple Online and Realtime Tracking with a Deep Association Metric},
  author={Wojke, Nicolai and Bewley, Alex and Paulus, Dietrich},
  booktitle={2017 IEEE International Conference on Image Processing (ICIP)},
  year={2017},
  pages={3645--3649},
  organization={IEEE},
  doi={10.1109/ICIP.2017.8296962}
}

@inproceedings{Wojke2018deep,
  title={Deep Cosine Metric Learning for Person Re-identification},
  author={Wojke, Nicolai and Bewley, Alex},
  booktitle={2018 IEEE Winter Conference on Applications of Computer Vision (WACV)},
  year={2018},
  pages={748--756},
  organization={IEEE},
  doi={10.1109/WACV.2018.00087}
}

@inproceedings{lu2017online,
  title={Online video object detection using association LSTM},
  author={Lu, Yongyi and Lu, Cewu and Tang, Chi-Keung},
  booktitle={Proceedings of the IEEE International Conference on Computer Vision},
  pages={2344--2352},
  year={2017}
}

@article{xu2019deepmot,
  title={DeepMOT: A Differentiable Framework for Training Multiple Object Trackers},
  author={Xu, Yihong and Ban, Yutong and Alameda-Pineda, Xavier and Horaud, Radu},
  journal={arXiv preprint arXiv:1906.06618},
  year={2019}
}